<?xml version="1.0" encoding="UTF-8"?><record xmlns="http://www.loc.gov/MARC21/slim" xmlns:cinclude="http://apache.org/cocoon/include/1.0" xmlns:zs="http://www.loc.gov/zing/srw/">
  <leader>00572cz  a2200169n  4500</leader>
  <controlfield tag="001">n  88114122 </controlfield>
  <controlfield tag="003">DLC</controlfield>
  <controlfield tag="005">20000621064528.0</controlfield>
  <controlfield tag="008">880315n| acannaabn          |a aaa      </controlfield>
  <datafield tag="010" ind1=" " ind2=" ">
    <subfield code="a">n  88114122 </subfield>
  </datafield>
  <datafield tag="035" ind1=" " ind2=" ">
    <subfield code="a">(OCoLC)oca02227971</subfield>
  </datafield>
  <datafield tag="040" ind1=" " ind2=" ">
    <subfield code="a">DLC</subfield>
    <subfield code="b">eng</subfield>
    <subfield code="c">DLC</subfield>
    <subfield code="d">NjP</subfield>
    <subfield code="d">OCoLC</subfield>
  </datafield>
  <datafield tag="100" ind1="1" ind2=" ">
    <subfield code="a">Decker-Janssen, Marlene</subfield>
  </datafield>
  <datafield tag="400" ind1="1" ind2=" ">
    <subfield code="a">Janssen, Marlene Decker-</subfield>
  </datafield>
  <datafield tag="400" ind1="1" ind2=" ">
    <subfield code="a">Decker, Marlene</subfield>
  </datafield>
  <datafield tag="670" ind1=" " ind2=" ">
    <subfield code="a">Her NachtraĚgliches, c1986:</subfield>
    <subfield code="b">t.p. (Marlene Decker-Janssen)</subfield>
  </datafield>
  <datafield tag="670" ind1=" " ind2=" ">
    <subfield code="a">Gestaltungselemente im Bildwerk von Otto Mueller, c1993:</subfield>
    <subfield code="b">t.p. (Marlene Decker) p. 195 (b. 1946; art historian)</subfield>
  </datafield>
</record>